@Manual{packagerpart,
    title = {rpart: Recursive Partitioning and Regression Trees},
    author = {Terry Therneau and Beth Atkinson and Brian Ripley},
    year = {2017},
    note = {R package version 4.1-11},
    url = {https://CRAN.R-project.org/package=rpart},
}